@article{stutzle1999aco,
	title={ACO algorithms for the traveling salesman problem},
	author={St{\"u}tzle, Thomas and Dorigo, Marco and others},
	journal={Evolutionary algorithms in engineering and computer science},
	volume={4},
	pages={163--183},
	year={1999}
}

@article{mnih2013playing,
	title={Playing atari with deep reinforcement learning},
	author={Mnih, Volodymyr and Kavukcuoglu, Koray and Silver, David and Graves, Alex and Antonoglou, Ioannis and Wierstra, Daan and Riedmiller, Martin},
	journal={arXiv preprint arXiv:1312.5602},
	year={2013}
}

@inproceedings{jati2011evolutionary,
	title={Evolutionary discrete firefly algorithm for travelling salesman problem},
	author={Jati, Gilang Kusuma and Suyanto},
	booktitle={International conference on adaptive and intelligent systems},
	pages={393--403},
	year={2011},
	organization={Springer}
}

@article{reinelt1991tsplib,
	title={TSPLIBâ€”A traveling salesman problem library},
	author={Reinelt, Gerhard},
	journal={ORSA journal on computing},
	volume={3},
	number={4},
	pages={376--384},
	year={1991},
	publisher={INFORMS}
}